
@article{girard:linear_logic_syntax_semantics,
  author          = {Jean{-}Yves Girard},
  title           = {Linear Logic: its Syntax and Semantics},
  url             = {https://girard.perso.math.cnrs.fr/Synsem.pdf},
}

@article{milner:type_polymorphism,
	author          = {Robin Milner},
	title           = {A Theory of Type Polimorphism in Programming}, 
	journal         = {Journal of Computer and Sciences},
	volume          = {7},
	pages           = {348-375},
	month           = {4},
	year            = {1978},
}

@article{security_framework,
  author          = {Amir A. Khwaja and Muniba Murtaza and Hafiz F. Ahmed},
  title           = {A security feature framework for programming languages to minimize application layer vulnerabilities},
  journal         = {Security and Privacy},
  year            = {2020},
  url 		  = {https://onlinelibrary.wiley.com/doi/pdf/10.1002/spy2.95},
}

@article{wright_felleisen:typesafety,
	author          = {Andrew Wright and Matthias Felleisen},
	title           = {A Syntactic Approach to Type Soundness},
	journal         = {Information and Computation},
	volume          = {115},
	pages           = {38-94},
	month           = {11},
	year            = {1994},
}

@book{gollmann:computersecurity,
	author          = {Dietere Gollmann},
	title           = {Computer Security},
	publisher       = {John Wiley \& Sons Ltd},
	year            = {2011},
	edition	        = {3},
	isbn            = {978-0-470-74115-3},
}

@book{stallings:os,
	author          = {William Stallings},
	title           = {Operating Systems: Internals and Design Principles},
	publisher       = {Pearson Education},
	year            = {2012},
	edition	        = {7},
	isbn            = {978-0-13-230998},
}

@conference{paper:def, 
	author	        = {Dinakar Dhurjati and Sumant Kowshik and Vikram Adve and Chris Lattner},
	title           = {Memory Safety Without Runtime Checks or Garbage Collection},
	booktitle       = {Proceedings of the 2003 ACM SIGPLAN Conference on Language, Compiler, and Tool for Embedded Systems},
	year            = {2003},
}

@conference{hoare:billion_dollar_mistake,
  author          = {Tony Hoare},
  title           = {Null References: The Billion Dollar Mistake},
  editor          = {InfoQ},
  year            = {2009},
  url             = {https://www.infoq.com/presentations/Null-References-The-Billion-Dollar-Mistake-Tony-Hoare/},
}

@incollection{girard:linear_logic,
  author         = {Jean{-}Yves Girard},
  title          = {Linear Logic},
  booktitle      = {Theoretical Computer Science},
  volume         = {50},
  pages          = {1-102},
  year           = {1987},
  url            = {http://girard.perso.math.cnrs.fr/linear.pdf},
}

@incollection{walker:linear_logic,
  author         = {David Walker},
  title          = {Substructural Type Systems},
  booktitle      = {Advanced Topics in Types and Programming Languages},
  pages          = {3-43},
  editor         = {Benjamin C. Pierce},
  publisher      = {MIT Press},
  year           = {2002},
  url            = {https://mitpress-request.mit.edu/sites/default/files/titles/content/9780262162289_sch_0001.pdf},
}

@misc{cencia:dispense,
	author          = {Pietro Cenciarelli},
	title           = {Dispense del corso Linguaggi di Programmazione},
	year            = {2019},
	url             = {http://wwwusers.di.uniroma1.it/~lpara/DISPENSE/note.pdf},
	key             = {Dispense del corso},
}

@misc{freeBSD_vulnerability,
  title         = {FreeBSD-SA-02:38.signed-error},
  author        = {Security Advisory The FreeBSD Project},
  year          = {2002},
  url           = {https://www.freebsd.org/security/advisories/FreeBSD-SA-02:38.signed-error.asc},
}

@misc{git:outliving_static,
  title = {rust-lang/rfcs},
  url = {https://github.com/rust-lang/rfcs/blob/master/text/1414-rvalue_static_promotion.md},
}

@misc{mechpen:misundestand,
  author       = {Mechpen},
  title        = {Mis-Understanding Rust lifetime},
  year         = {2019},
  url          = {https://mechpen.github.io/posts/2019-09-28-rust-lifetime/index.html#example-3},
}

@misc{null:pointer_dereference,
  author        = {Common Weakness Enumeration},
  title         = {CWE-476: NULL Pointer Dereference},
  url           = {https://cwe.mitre.org/data/definitions/476.html},
}


@misc{rust:language,
	author	        = {Steve Klabnik and Carol  Nichols},
	title           = {The Rust Programming Language},
	year            = {2020},
	url             = {https://doc.rust-lang.org/book/title-page.html},
}

@misc{rust:language_2,
  title           = {The Rust Programming Language},
  url             = {https://doc.rust-lang.org/1.9.0/book/README.html},
}

@misc{rust:reference,
	title           = {The Rust Reference},
	year            = {2020},
	url	            = {https://doc.rust-lang.org/reference/introduction.html},
	key	            = {The Rust Reference},
}

@misc{rust:rustonomicon,
	title           = {Rustonomicon},
	year            = {2020},
	url	            = {https://doc.rust-lang.org/nomicon/index.html},
	key             = {Rustonomicon},
}

@misc{rust:unstable,
	title         = {The Rust Unstable Book},
	year          = {2020},
	url	          = {https://doc.rust-lang.org/nightly/unstable-book/compiler-flags.html},
	key           = {The Rust Unstable Book},
}

@misc{pypl:index,
  title         = {PYPL PopularitY of Programming Language},
  year          = {2020},
  url           = {http://pypl.github.io/PYPL.html},
  key           = {PYPL},
}

@misc{real_men_program_in_c,
  author        = {Michael Barr},
  title         = {Real Men Program in C},
  year          = {2009}, 
  url           = {https://www.embedded.com/real-men-program-in-c/},
  key           = {Real Men Program in C}, 
}

@misc{stack_smashing_ffp,
  author        = {Aleph One},
  title         = {Smashing The Stack For Fun And Profit},
  url           = {https://insecure.org/stf/smashstack.html},
  key           = {STSFFAP},
}

@misc{tiobe:index,
  title         = {TIOBE Programming Community Index},
  year          = {2020},
  url           = {https://www.tiobe.com/tiobe-index/},
  key           = {TIOBE},
}

@techreport{necula_lee:proof_carrying,
  author        = {George C. Necula and Peter Lee},
  title         = {Proof-Carrying Code},
  institution   = {School of Computer Science Carnegie Mellon University},
  year          = {1996},
}

@techreport{nino:security_programming_language,
  author        = {Jaime Ni{\~n}o},
  title         = {Implementing Security Via Modern Programming Languages},
  institution   = {University of New Orleans},
  year          = {},
}

@techreport{nist:800,
	author        = {Wayne, Jansen and Theodore Winograd and Karen Scarfone},
	title         = {Guidelines on Active Content and Mobile Code },
	institution   = {NIST},
	year          = {2008},
	number        = {800-28},
	month         = {3},
}
