
@article{girard:linear_logic,
	title = "Linear logic",
	journal = "Theoretical Computer Science",
	volume = "50",
	number = "1",
	pages = "1 - 101",
	year = "1987",
	issn = "0304-3975",
	doi = "https://doi.org/10.1016/0304-3975(87)90045-4",
	url = "http://www.sciencedirect.com/science/article/pii/0304397587900454",
	author = "Jean-Yves Girard",
}

@article{girard:linear_logic_syntax_semantics,
  author          = {Jean{-}Yves Girard},
  title           = {Linear Logic: its Syntax and Semantics},
  url             = {https://girard.perso.math.cnrs.fr/Synsem.pdf},
}

@article{milner:type_polymorphism,
	title={A theory of type polymorphism in programming},
  	author={Milner, Robin},
  	journal={Journal of computer and system sciences},
  	volume={17},
  	number={3},
  	pages={348--375},
  	year={1978},
  	publisher={Elsevier}
}

@article{security:saltzer,
  title={The protection of information in computer systems},
  author={Saltzer, Jerome H and Schroeder, Michael D},
  journal={Proceedings of the IEEE},
  volume={63},
  number={9},
  pages={1278--1308},
  year={1975},
  publisher={IEEE}
}

@article{security_framework,
	author 	= {Khwaja, Amir and Murtaza, Muniba and Ahmad, Hafiz},
	year 	= {2019},
	month 	= {11},
	pages 	= {},
	title 	= {A security feature framework for programming languages to minimize application layer vulnerabilities},
	volume 	= {3},
	journal = {Security and Privacy},
	doi 	= {10.1002/spy2.95},
	url 	= {https://onlinelibrary.wiley.com/doi/pdf/10.1002/spy2.95},
}

@article{stack_smashing_ffp,
	title={Smashing the stack for fun and profit},
  	author={{Aleph One}},
  	journal={http://www. shmoo. com/phrack/Phrack49/p49-14},
  	year={1996}
}

@article{walker:linear_logic,
	title={Substructural type systems},
	author={Walker, David},
	journal={Advanced topics in types and programming languages},
	pages={3--44},
	year={2005},
	publisher={The MIT Press},
}

@article{wright_felleisen:typesafety,
	author          = {Andrew Wright and Matthias Felleisen},
	title           = {A Syntactic Approach to Type Soundness},
	journal         = {Information and Computation},
	volume          = {115},
	pages           = {38-94},
	month           = {11},
	year            = {1994},
}

@book{gollmann:computersecurity,
	author = {Gollmann, Dieter},
	title = {Computer Security},
	year = {1999},
	isbn = {0471978442},
	publisher = {John Wiley \& Sons, Inc.},
	address = {USA}
}

@book{stallings:os,
	edition	        = {7},
	isbn            = {978-0-13-230998},
	title={Operating systems: internals and design principles},
	author={Stallings, William},
	year={2012},
	publisher={Boston: Prentice Hall,},
}

@conference{paper:def, 
	author	        = {Dinakar Dhurjati and Sumant Kowshik and Vikram Adve and Chris Lattner},
	title           = {Memory Safety Without Runtime Checks or Garbage Collection},
	booktitle       = {Proceedings of the 2003 ACM SIGPLAN Conference on Language, Compiler, and Tool for Embedded Systems},
	year            = {2003},
}

@inproceedings{krust,
  title={Krust: A formal executable semantics of rust},
  author={Wang, Feng and Song, Fu and Zhang, Min and Zhu, Xiaoran and Zhang, Jun},
  booktitle={2018 International Symposium on Theoretical Aspects of Software Engineering (TASE)},
  pages={44--51},
  year={2018},
  organization={IEEE}
}

@misc{cencia:dispense,
	author          = {Pietro Cenciarelli},
	title           = {Dispense del corso Linguaggi di Programmazione},
	year            = {2019},
	url             = {http://wwwusers.di.uniroma1.it/~lpara/DISPENSE/note.pdf},
	key             = {Dispense del corso},
}

@misc{cve:rust,
	key 	= {cve:rust},
	title 	= {{R}ust vulnerability statistics},
	url		= {https://www.cvedetails.com/product/48677/Rust-lang-Rust.html?vendor_id=19029},
}

@misc{freeBSD_vulnerability,
  title         = {FreeBSD-SA-02:38.signed-error},
  author        = {{The FreeBSD Project}},
  year          = {2002},
  url           = {https://www.freebsd.org/security/advisories/FreeBSD-SA-02:38.signed-error.asc},
}

@misc{git:outliving_static,
  title = {rust-lang/rfcs},
  url 	= {https://github.com/rust-lang/rfcs/blob/master/text/1414-rvalue_static_promotion.md},
  key 	= {git:outliving_static},
}

@misc{hoare:billion_dollar_mistake,
  author          = {Tony Hoare},
  title           = {Null References: {T}he Billion Dollar Mistake},
  editor          = {InfoQ},
  year            = {2009},
  url             = {https://www.infoq.com/presentations/Null-References-The-Billion-Dollar-Mistake-Tony-Hoare/},
}

@misc{java:privilege,
	author = {Oracle},
	title = {PrivilegedAction},
	url = {https://docs.oracle.com/javase/7/docs/api/java/security/PrivilegedAction.html},
}

@misc{mechpen:misundestand,
  author       = {Mechpen},
  title        = {Mis-Understanding {R}ust lifetime},
  year         = {2019},
  url          = {https://mechpen.github.io/posts/2019-09-28-rust-lifetime/index.html#example-3},
}

@misc{nino:security_programming_language,
	title	={Implementing Security Via Modern Programming Languages},
  	author	={Ni{\~n}o, Jaime},
  	year	={2009},
  	url 	= {http://www.cs.uno.edu/~jaime/plSecurity.pdf},
}

@misc{null:pointer_dereference,
  author        = {Common Weakness Enumeration},
  title         = {CWE-476: {NULL} Pointer Dereference},
  url           = {https://cwe.mitre.org/data/definitions/476.html},
}

@misc{python:privilege,
	author = {Python Security},
	title = {Python Security Model},
	url = {https://python-security.readthedocs.io/security.html#python-security-model},
}

@misc{redox,
	key = {redox},
	title = {Redox},
	url = {https://www.redox-os.org/},
}

@misc{rust:auth,
	author = {docs.rs},
	title = {Crate OSO},
	url = {https://docs.rs/oso/0.7.0/oso/},
}

@misc{rust:language,
	author	        = {Steve Klabnik and Carol  Nichols},
	title           = {The {R}ust Programming Language},
	year            = {2020},
	url             = {https://doc.rust-lang.org/book/title-page.html},
}

@misc{rust:language_2,
  title           = {The {R}ust Programming Language},
  url             = {https://doc.rust-lang.org/1.9.0/book/README.html},
  key 		  = {rust:language_2},
}

@misc{rust:reference,
	title           = {The {R}ust Reference},
	year            = {2020},
	url	        = {https://doc.rust-lang.org/reference/introduction.html},
	key	        = {The Rust Reference},
}

@misc{rust:rustonomicon,
	title           = {Rustonomicon},
	year            = {2020},
	url	        = {https://doc.rust-lang.org/nomicon/index.html},
	key             = {Rustonomicon},
}

@misc{tor,
	key = {tor},
	title = {Rust in {T}or},
	url = {https://trac.torproject.org/projects/tor/wiki/RustInTor},
}

@misc{rust:unstable,
	title         = {The {R}ust Unstable Book},
	year          = {2020},
	url	      = {https://doc.rust-lang.org/nightly/unstable-book/compiler-flags.html},
	key           = {The Rust Unstable Book},
}

@misc{rust:syntax,
	author 	= {rust-lang},
	title 	= {parser-lalr.y},
	url 	= {https://github.com/rust-lang/rust/blob/5b13bff5203c1bdc6ac6dc87f69b5359a9503078/src/grammar/parser-lalr.y#L1309-L1573},
}

@misc{pypl:index,
  title         = {PYPL PopularitY of Programming Language},
  year          = {2020},
  url           = {http://pypl.github.io/PYPL.html},
  key           = {PYPL},
}

@misc{real_men_program_in_c,
  author        = {Michael Barr},
  title         = {Real Men Program in {C}},
  year          = {2009}, 
  url           = {https://www.embedded.com/real-men-program-in-c/},
  key           = {Real Men Program in C}, 
}

@misc{tiobe:index,
  title         = {TIOBE Programming Community Index},
  year          = {2020},
  url           = {https://www.tiobe.com/tiobe-index/},
  key           = {TIOBE},
}

@techreport{necula_lee:proof_carrying,
  author        = {George C. Necula and Peter Lee},
  title         = {Proof-Carrying Code},
  institution   = {School of Computer Science Carnegie Mellon University},
  year          = {1996},
}


@techreport{nist:800,
	author        = {Wayne, Jansen and Theodore Winograd and Karen Scarfone},
	title         = {Guidelines on Active Content and Mobile Code },
	institution   = {NIST},
	year          = {2008},
	number        = {800-28},
	month         = {3},
}
